@article{GPTIPS,
author = {Dominic, Pamela and Leahy, David and Willis, Mark},
year = {2010},
month = {12},
pages = {},
title = {GPTIPS:An Open Source Genetic Programming Toolbox For Multigene Symbolic Regression},
volume = {2180},
journal = {Lecture Notes in Engineering and Computer Science}
}

@book{krawiec2013genetic,
  title={Genetic Programming: 16th European Conference, EuroGP 2013, Vienna, Austria, April 3-5, 2013, Proceedings},
  author={Krawiec, K. and Moraglio, A. and Hu, T. and Etaner-Uyar, A.S. and Hu, B.},
  isbn={9783642372070},
  series={Lecture Notes in Computer Science},
  url={https://books.google.pt/books?id=6Y-5BQAAQBAJ},
  year={2013},
  publisher={Springer Berlin Heidelberg}
}

@book{jenetics,
  title={Jenetics, Library user's manual 4.3},
  author={Wilhelmst√∂tter, Franz},
  url={https://books.google.pt/books?id=6Y-5BQAAQBAJ},
  year={2018}
}